 @article{schwartz1996air,
  title={Air pollution and hospital admissions for respiratory disease},
  author={Schwartz, Joel},
  journal={Epidemiology},
  pages={20--28},
  year={1996},
  publisher={JSTOR}
}

@article{braga2001lag,
  title={The lag structure between particulate air pollution and respiratory and cardiovascular deaths in 10 US cities},
  author={Braga, Alf{\'e}sio Lu{\'\i}s Ferreira and Zanobetti, Antonella and Schwartz, Joel},
  journal={Journal of Occupational and Environmental Medicine},
  volume={43},
  number={11},
  pages={927--933},
  year={2001},
  publisher={LWW}
}

 @article{dominici2006fine,
  title={Fine particulate air pollution and hospital admission for cardiovascular and respiratory diseases},
  author={Dominici, Francesca and Peng, Roger D and Bell, Michelle L and Pham, Luu and McDermott, Aidan and Zeger, Scott L and Samet, Jonathan M},
  journal={Jama},
  volume={295},
  number={10},
  pages={1127--1134},
  year={2006},
  publisher={American Medical Association}
}

 @article{berrocal2010spatio,
  title={A spatio-temporal downscaler for output from numerical models},
  author={Berrocal, Veronica J and Gelfand, Alan E and Holland, David M},
  journal={Journal of agricultural, biological, and environmental statistics},
  volume={15},
  number={2},
  pages={176--197},
  year={2010},
  publisher={Springer}
}

 @article{berrocal2010bivariate,
  title={A bivariate space-time downscaler under space and time misalignment},
  author={Berrocal, Veronica J and Gelfand, Alan E and Holland, David M},
  journal={The annals of applied statistics},
  volume={4},
  number={4},
  pages={1942},
  year={2010},
  publisher={NIH Public Access}
}

 @misc{EPAAir,
	author = {US EPA},
	editor = {{Windows Phone Central}},
	title = {IE9 for Windows Phone 7: Adobe Flash, demos and development},
	url = {https://www.epa.gov/air-trends/air-quality-national-summary},
	lastchecked = {14.01.2013},
	originalyear = {18.02.2011}
}


@misc{WhoAir,
	author = {World Health Oganization},
	editor = {{Windows Phone Central}},
	title = {IE9 for Windows Phone 7: Adobe Flash, demos and development},
	url = {http://www.who.int/gho/phe/air_pollution_mortality/en/},
	lastchecked = {14.01.2013},
	originalyear = {18.02.2011}
}

@misc{NOAARegions,
	author = {NOAA National Climatic Data Center},
	editor = {{Windows Phone Central}},
	title = {IE9 for Windows Phone 7: Adobe Flash, demos and development},
	url = {https://www.epa.gov/sites/production/files/2016-05/us-climate-regions_0.gif},
	lastchecked = {14.01.2013},
	originalyear = {18.02.2011}
}

